@misc{MotionPatternApproach,
      title={Understanding Trajectory Behavior: A Motion Pattern Approach}, 
      author={Mahdi M. Kalayeh and Stephen Mussmann and Alla Petrakova and Niels da Vitoria Lobo and Mubarak Shah},
      year={2015},
      eprint={1501.00614},
      archivePrefix={arXiv},
      primaryClass={cs.CV}
}

@inproceedings{DeepLearningAutoencoders,
	author = {Olive, Xavier and Basora, Luis and Viry, Benoît and Alligier, Richard},
	year = {2020},
	month = {08},
	pages = {},
	title = {Deep Trajectory Clustering with Autoencoders}
}

@INPROCEEDINGS{DeepLearningRepresentation,
	author={D. {Yao} and C. {Zhang} and Z. {Zhu} and J. {Huang} and J. {Bi}},
	booktitle={2017 International Joint Conference on Neural Networks (IJCNN)}, 
	title={Trajectory clustering via deep representation learning}, 
	year={2017},
	volume={},
	number={},
	pages={3880-3887},
	doi={10.1109/IJCNN.2017.7966345}
}

@INPROCEEDINGS{DETECT,
	author={M. {Yue} and Y. {Li} and H. {Yang} and R. {Ahuja} and Y. {Chiang} and C. {Shahabi}},
	booktitle={2019 IEEE International Conference on Big Data (Big Data)}, 
	title={DETECT: Deep Trajectory Clustering for Mobility-Behavior Analysis}, 
	year={2019},
	volume={},
	number={},
	pages={988-997},
	doi={10.1109/BigData47090.2019.9006561}
}

@misc{DPSOM,
	title={DPSOM: Deep Probabilistic Clustering with Self-Organizing Maps}, 
	author={Laura Manduchi and Matthias Hüser and Julia Vogt and Gunnar Rätsch and Vincent Fortuin},
	year={2020},
	eprint={1910.01590},
	archivePrefix={arXiv},
	primaryClass={cs.LG}
}