@article{AIReview,
author = {Yuan, Guan and Sun, Penghui and Zhao, Jie and Li, Daxing and Wang, Canwei},
year = {2017},
month = {01},
pages = {},
title = {A review of moving object trajectory clustering algorithms},
volume = {47},
journal = {Artificial Intelligence Review},
doi = {10.1007/s10462-016-9477-7}
}